@article{jaszkiewicz2002performance,
  title={On the performance of multiple-objective genetic local search on the 0/1 knapsack problem-a comparative experiment},
  author={Jaszkiewicz, Andrzej},
  journal={IEEE Transactions on Evolutionary Computation},
  volume={6},
  number={4},
  pages={402--412},
  year={2002},
  publisher={IEEE}
}

@inproceedings{togelius2010towards,
author = {Togelius, Julian and Preuss, Mike and Yannakakis, Georgios N},
title = {{Towards multiobjective procedural map generation}},
booktitle = {Proceedings of the 2010 workshop on procedural content generation in games},
year = {2010},
pages = {3},
organization = {ACM}
}


@book{deb2001multi,
  title={Multi-objective optimization using evolutionary algorithms},
  author={Deb, Kalyanmoy},
  volume={16},
  year={2001},
  publisher={John Wiley \& Sons}
}

@article{tanabe2019review,
  title={A Review of Evolutionary Multi-modal Multi-objective Optimization},
  author={Tanabe, Ryoji and Ishibuchi, Hisao},
  journal={IEEE Transactions on Evolutionary Computation},
  year={2019},
  publisher={IEEE}
}

@inproceedings{liang2016multimodal,
  title={Multimodal multi-objective optimization: A preliminary study},
  author={Liang, JJ and Yue, CT and Qu, BY},
  booktitle={2016 IEEE Congress on Evolutionary Computation (CEC)},
  pages={2454--2461},
  year={2016},
  organization={IEEE}
}

@inproceedings{deb2005omni,
  title={Omni-optimizer: A procedure for single and multi-objective optimization},
  author={Deb, Kalyanmoy and Tiwari, Santosh},
  booktitle={International Conference on Evolutionary Multi-Criterion Optimization},
  pages={47--61},
  year={2005},
  organization={Springer}
}

@inproceedings{rudolph2007capabilities,
  title={Capabilities of EMOA to detect and preserve equivalent Pareto subsets},
  author={Rudolph, G{\"u}nter and Naujoks, Boris and Preuss, Mike},
  booktitle={International Conference on Evolutionary Multi-Criterion Optimization},
  pages={36--50},
  year={2007},
  organization={Springer}
}

%% 少了一个

@inproceedings{goldberg1987genetic,
  title={Genetic algorithms with sharing for multimodal function optimization},
  author={Goldberg, David E and Richardson, Jon and others},
  booktitle={Genetic algorithms and their applications: Proceedings of the Second International Conference on Genetic Algorithms},
  pages={41--49},
  year={1987},
  organization={Hillsdale, NJ: Lawrence Erlbaum}
}

@inproceedings{liu2018double,
  title={A double-niched evolutionary algorithm and its behavior on polygon-based problems},
  author={Liu, Yiping and Ishibuchi, Hisao and Nojima, Yusuke and Masuyama, Naoki and Shang, Ke},
  booktitle={International Conference on Parallel Problem Solving from Nature},
  pages={262--273},
  year={2018},
  organization={Springer}
}

@article{deb2002fast,
  title={A fast and elitist multiobjective genetic algorithm: NSGA-II},
  author={Deb, Kalyanmoy and Pratap, Amrit and Agarwal, Sameer and Meyarivan, TAMT},
  journal={IEEE transactions on evolutionary computation},
  volume={6},
  number={2},
  pages={182--197},
  year={2002},
  publisher={IEEE}
}

@article{yue2017multiobjective,
  title={A multiobjective particle swarm optimizer using ring topology for solving multimodal multiobjective problems},
  author={Yue, Caitong and Qu, Boyang and Liang, Jing},
  journal={IEEE Transactions on Evolutionary Computation},
  volume={22},
  number={5},
  pages={805--817},
  year={2017},
  publisher={IEEE}
}

@inproceedings{tanabe2018decomposition,
  title={A decomposition-based evolutionary algorithm for multi-modal multi-objective optimization},
  author={Tanabe, Ryoji and Ishibuchi, Hisao},
  booktitle={International Conference on Parallel Problem Solving from Nature},
  pages={249--261},
  year={2018},
  organization={Springer}
}

@article{zhang2008rm,
  title={RM-MEDA: A regularity model-based multiobjective estimation of distribution algorithm},
  author={Zhang, Qingfu and Zhou, Aimin and Jin, Yaochu},
  journal={IEEE Transactions on Evolutionary Computation},
  volume={12},
  number={1},
  pages={41--63},
  year={2008},
  publisher={IEEE}
}

@article{muhlenbein1993predictive,
  title={Predictive models for the breeder genetic algorithm i. continuous parameter optimization},
  author={M{\"u}hlenbein, Heinz and Schlierkamp-Voosen, Dirk},
  journal={Evolutionary computation},
  volume={1},
  number={1},
  pages={25--49},
  year={1993},
  publisher={MIT Press}
}

@inproceedings{asoh1994mean,
  title={On the mean convergence time of evolutionary algorithms without selection and mutation},
  author={Asoh, Hideki and M{\"u}hlenbein, Heinz},
  booktitle={International Conference on Parallel Problem Solving from Nature},
  pages={88--97},
  year={1994},
  organization={Springer}
}

@article{deb1995simulated,
  title={Simulated binary crossover for continuous search space},
  author={Deb, Kalyanmoy and Agrawal, Ram Bhushan},
  journal={Complex systems},
  volume={9},
  number={2},
  pages={115--148},
  year={1995},
  publisher={[Champaign, IL, USA: Complex Systems Publications, Inc., c1987-}
}

@article{deb2013evolutionary,
  title={An evolutionary many-objective optimization algorithm using reference-point-based nondominated sorting approach, part I: solving problems with box constraints},
  author={Deb, Kalyanmoy and Jain, Himanshu},
  journal={IEEE Transactions on Evolutionary Computation},
  volume={18},
  number={4},
  pages={577--601},
  year={2013},
  publisher={IEEE}
}

@article{zitzler2001spea2,
  title={SPEA2: Improving the strength Pareto evolutionary algorithm},
  author={Zitzler, Eckart and Laumanns, Marco and Thiele, Lothar},
  journal={TIK-report},
  volume={103},
  year={2001},
  publisher={Eidgen{\"o}ssische Technische Hochschule Z{\"u}rich (ETH), Institut f{\"u}r Technische~…}
}

@article{zhang2007moea,
  title={MOEA/D: A multiobjective evolutionary algorithm based on decomposition},
  author={Zhang, Qingfu and Li, Hui},
  journal={IEEE Transactions on evolutionary computation},
  volume={11},
  number={6},
  pages={712--731},
  year={2007},
  publisher={IEEE}
}

@inproceedings{zitzler2004indicator,
  title={Indicator-based selection in multiobjective search},
  author={Zitzler, Eckart and K{\"u}nzli, Simon},
  booktitle={International Conference on Parallel Problem Solving from Nature},
  pages={832--842},
  year={2004},
  organization={Springer}
}

@article{tian2017platemo,
  title={PlatEMO: A MATLAB platform for evolutionary multi-objective optimization [educational forum]},
  author={Tian, Ye and Cheng, Ran and Zhang, Xingyi and Jin, Yaochu},
  journal={IEEE Computational Intelligence Magazine},
  volume={12},
  number={4},
  pages={73--87},
  year={2017},
  publisher={IEEE}
}

@inproceedings{shir2009enhancing,
  title={Enhancing decision space diversity in evolutionary multiobjective algorithms},
  author={Shir, Ofer M and Preuss, Mike and Naujoks, Boris and Emmerich, Michael},
  booktitle={International Conference on Evolutionary Multi-Criterion Optimization},
  pages={95--109},
  year={2009},
  organization={Springer}
}

@inproceedings{ishibuchi2019salable,
    title={A scalable multimodal multiobjective test problem},
    author={H. Ishibuchi and Y. Peng, and K. Shang},
    booktitle={Proc. of 2019 IEEE Congress on Evolutionary Computation},
    pages={302-309},
    year={2019}
}